<record><leader>00000cas a22000007a 4500</leader><controlfield tag="001">26279944</controlfield><controlfield tag="008">920729d1uuu19uunyuuu ne      0    0eng d</controlfield><datafield ind1=" " ind2=" " tag="010"><subfield code="a">sn 92061865 </subfield></datafield><datafield ind1=" " ind2=" " tag="040"><subfield code="a">NYS</subfield><subfield code="b">eng</subfield><subfield code="c">NYS</subfield><subfield code="d">OCL</subfield><subfield code="d">OCLCQ</subfield></datafield><datafield ind1=" " ind2=" " tag="042"><subfield code="a">msc</subfield></datafield><datafield ind1="0" ind2="4" tag="245"><subfield code="a">The Philipstown news.</subfield></datafield><datafield ind1=" " ind2=" " tag="260"><subfield code="a">Cold Spring, N.Y. :</subfield><subfield code="b">[s.n.]</subfield></datafield><datafield ind1=" " ind2=" " tag="300"><subfield code="a">v.</subfield></datafield><datafield ind1=" " ind2=" " tag="588"><subfield code="a">Description based on: Vol. 3, no. 27 (Nov. 1, 1901).</subfield></datafield><datafield ind1=" " ind2="4" tag="651"><subfield code="a">Cold Spring (N.Y.) Newspapers.</subfield></datafield><datafield ind1=" " ind2="4" tag="651"><subfield code="a">Philipstown (N.Y. : Town)</subfield><subfield code="v">Newspapers.</subfield></datafield><datafield ind1=" " ind2="4" tag="651"><subfield code="a">Putnam County (N.Y.)</subfield><subfield code="v">Newspapers.</subfield></datafield><datafield ind1=" " ind2=" " tag="752"><subfield code="a">United States</subfield><subfield code="b">New York</subfield><subfield code="c">Putnam</subfield><subfield code="d">Cold Spring.</subfield></datafield></record>